@ARTICLE{Kato01,
   author = {{Kato}, S.},
    title = "{Basic Properties of Thin-Disk Oscillations}",
  journal = {\pasj},
 keywords = {ACCRETION, ACCRETION DISKS, HYDRODYNAMICS, INSTABILITIES,
VISCOUS PULSATIONAL, OSCILLATIONS, TRAPPED, GLOBAL, X-RAYS: STARS},
     year = 2001,
    month = feb,
   volume = 53,
    pages = {1-24},
      doi = {10.1093/pasj/53.1.1},
   adsurl = {http://adsabs.harvard.edu/abs/2001PASJ...53....1K},
  adsnote = {Provided by the SAO/NASA Astrophysics Data System}
}

@ARTICLE{Kato83,
   author = {{Kato}, S.},
    title = "{Low-frequency, one-armed oscillations of Keplerian
gaseous disks}",
  journal = {\pasj},
 keywords = {Astronomical Models, Disk Galaxies, Galactic Structure,
Gas Flow, Oscillating Flow, Spiral Galaxies, Density Wave Model,
Kepler Laws, Low Frequencies, Shell Stars, Trapping, Wave Equations},
     year = 1983,
   volume = 35,
    pages = {249-261},
   adsurl = {http://adsabs.harvard.edu/abs/1983PASJ...35..249K},
  adsnote = {Provided by the SAO/NASA Astrophysics Data System}
}

